@misc{steam,
  title = {{Welcome to Steam}},
  howpublished = "\url{https://store.steampowered.com/}",
  note = "[Online; last accessed 03-December-2018]"
}
@misc{eb,
  title = {{AWS ElasticBeanstalk -- Deploy Web Applications}},
  howpublished = "\url{aws.amazon.com/AWS/Beanstalk}",
  note = "[Online; last accessed 03-December-2018]"
}
@misc{tsung,
  title = {{Tsung}},
  howpublished = "\url{http://tsung.erlang-projects.org/}",
  note = "[Online; last accessed 03-December-2018]"
}
@misc{ror,
  title = {{Ruby on Rails}},
  howpublished = "\url{https://rubyonrails.org/}",
  note = "[Online; last accessed 03-December-2018]"
}
